<record><leader>00000cas a2200000 a 4500</leader><controlfield tag="001">13168584</controlfield><controlfield tag="008">860219d19501978ncudn ne      0   a0eng d</controlfield><datafield ind1=" " ind2=" " tag="010"><subfield code="a">sn 88063132 </subfield></datafield><datafield ind1=" " ind2=" " tag="040"><subfield code="a">NCS</subfield><subfield code="b">eng</subfield><subfield code="c">NCS</subfield><subfield code="d">DLC</subfield><subfield code="d">NVJ</subfield><subfield code="d">DLC</subfield><subfield code="d">NVJ</subfield><subfield code="d">OCL</subfield><subfield code="d">OCLCQ</subfield><subfield code="d">OCLCF</subfield><subfield code="d">OCLCO</subfield></datafield><datafield ind1="1" ind2=" " tag="029"><subfield code="a">AU@</subfield><subfield code="b">000009195324</subfield></datafield><datafield ind1=" " ind2=" " tag="032"><subfield code="a">56568000</subfield><subfield code="b">USPS</subfield></datafield><datafield ind1=" " ind2=" " tag="042"><subfield code="a">msc</subfield></datafield><datafield ind1="0" ind2=" " tag="130"><subfield code="a">Daily record (Dunn, N.C. : 1950)</subfield></datafield><datafield ind1="0" ind2="4" tag="245"><subfield code="a">The daily record.</subfield></datafield><datafield ind1=" " ind2=" " tag="260"><subfield code="a">Dunn, N.C. :</subfield><subfield code="b">Record Pub. Co.</subfield></datafield><datafield ind1=" " ind2=" " tag="300"><subfield code="a">v. :</subfield><subfield code="b">ill. ;</subfield><subfield code="c">58 cm.</subfield></datafield><datafield ind1=" " ind2=" " tag="310"><subfield code="a">Daily (Monday-Friday, except at Christmas)</subfield></datafield><datafield ind1="0" ind2=" " tag="362"><subfield code="a">Vol. 1, no. 1 (Dec. 6, 1950)-v. 27, no. 103 (Apr. 24, 1978).</subfield></datafield><datafield ind1=" " ind2=" " tag="500"><subfield code="a">Democratic.</subfield></datafield><datafield ind1=" " ind2="0" tag="651"><subfield code="a">Dunn (N.C.)</subfield><subfield code="v">Newspapers.</subfield></datafield><datafield ind1=" " ind2="0" tag="651"><subfield code="a">Harnett County (N.C.)</subfield><subfield code="v">Newspapers.</subfield></datafield><datafield ind1=" " ind2="7" tag="655"><subfield code="a">Newspapers.</subfield><subfield code="2">fast</subfield><subfield code="0">(OCoLC)fst01423814</subfield></datafield><datafield ind1=" " ind2="7" tag="651"><subfield code="a">North Carolina</subfield><subfield code="z">Dunn.</subfield><subfield code="2">fast</subfield><subfield code="0">(OCoLC)fst01218898</subfield></datafield><datafield ind1=" " ind2="7" tag="651"><subfield code="a">North Carolina</subfield><subfield code="z">Harnett County.</subfield><subfield code="2">fast</subfield><subfield code="0">(OCoLC)fst01218227</subfield></datafield><datafield ind1=" " ind2=" " tag="752"><subfield code="a">United States</subfield><subfield code="b">North Carolina</subfield><subfield code="c">Harnett</subfield><subfield code="d">Dunn.</subfield></datafield><datafield ind1="0" ind2="7" tag="785"><subfield code="t">Dunn dispatch</subfield><subfield code="w">(DLC)sn 92074094</subfield></datafield><datafield ind1="0" ind2="7" tag="785"><subfield code="t">Daily record combined with the Dunn dispatch</subfield><subfield code="w">(DLC)sn 92074052</subfield></datafield></record>